{
  "leader": "01925cam a2200445Ii 4500",
  "fields": [
    {
      "001": "ocm00287648\\"
    },
    {
      "003": "OCoLC"
    },
    {
      "005": "20220728125216.0"
    },
    {
      "008": "720418s1946\\\\\\\\nyuc\\\\\\\\\\b\\\\\\\\000\\0beng\\\\"
    },
    {
      "010": {
        "ind1": "\\",
        "ind2": "\\",
        "subfields": [
          {
            "a": "   46007929 "
          }
        ]
      }
    },
    {
      "040": {
        "ind1": "\\",
        "ind2": "\\",
        "subfields": [
          {
            "a": "DLC"
          },
          {
            "b": "eng"
          },
          {
            "c": "KSU"
          },
          {
            "d": "KKP"
          },
          {
            "d": "SER"
          },
          {
            "d": "OCLCQ"
          },
          {
            "d": "OCLCG"
          },
          {
            "d": "STF"
          },
          {
            "d": "NIALS"
          },
          {
            "d": "UKMGB"
          },
          {
            "d": "OCLCA"
          },
          {
            "d": "OCLCQ"
          },
          {
            "d": "OCLCF"
          },
          {
            "d": "OCLCQ"
          },
          {
            "d": "GZN"
          },
          {
            "d": "TFH"
          },
          {
            "d": "OCLCO"
          },
          {
            "d": "XFF"
          },
          {
            "d": "OCLCO"
          },
          {
            "d": "CSJ"
          },
          {
            "d": "NJR"
          },
          {
            "d": "OCLCQ"
          },
          {
            "d": "OCLCO"
          },
          {
            "d": "OCLCA"
          },
          {
            "d": "PAU"
          },
          {
            "d": "OCLCO"
          },
          {
            "d": "MNI"
          },
          {
            "d": "MRM"
          },
          {
            "d": "FQM"
          },
          {
            "d": "CPO"
          },
          {
            "d": "OCLCQ"
          },
          {
            "d": "OCLCO"
          },
          {
            "d": "OCLCQ"
          },
          {
            "d": "SNN"
          },
          {
            "d": "BUB"
          },
          {
            "d": "TJC"
          },
          {
            "d": "UWO"
          },
          {
            "d": "DCHUA"
          },
          {
            "d": "L2U"
          },
          {
            "d": "OCLCQ"
          },
          {
            "d": "OCLCO"
          }
        ]
      }
    },
    {
      "016": {
        "ind1": "7",
        "ind2": "\\",
        "subfields": [
          {
            "a": "010848595"
          },
          {
            "2": "Uk"
          }
        ]
      }
    },
    {
      "019": {
        "ind1": "\\",
        "ind2": "\\",
        "subfields": [
          {
            "a": "1037676306"
          },
          {
            "a": "1064489469"
          },
          {
            "a": "1077918512"
          },
          {
            "a": "1167081895"
          }
        ]
      }
    },
    {
      "035": {
        "ind1": "\\",
        "ind2": "\\",
        "subfields": [
          {
            "a": "(OCoLC)287648"
          },
          {
            "z": "(OCoLC)1037676306"
          },
          {
            "z": "(OCoLC)1064489469"
          },
          {
            "z": "(OCoLC)1077918512"
          },
          {
            "z": "(OCoLC)1167081895"
          }
        ]
      }
    },
    {
      "043": {
        "ind1": "\\",
        "ind2": "\\",
        "subfields": [
          {
            "a": "n-us---"
          }
        ]
      }
    },
    {
      "045": {
        "ind1": "\\",
        "ind2": "\\",
        "subfields": [
          {
            "a": "w3x0"
          }
        ]
      }
    },
    {
      "050": {
        "ind1": "0",
        "ind2": "0",
        "subfields": [
          {
            "a": "LD2626 1876"
          },
          {
            "b": ".F55"
          }
        ]
      }
    },
    {
      "060": {
        "ind1": "\\",
        "ind2": "4",
        "subfields": [
          {
            "a": "LD 2626 F63d 1946"
          }
        ]
      }
    },
    {
      "082": {
        "ind1": "0",
        "ind2": "0",
        "subfields": [
          {
            "a": "923.773"
          },
          {
            "b": "FLE"
          }
        ]
      }
    },
    {
      "049": {
        "ind1": "\\",
        "ind2": "\\",
        "subfields": [
          {
            "a": "NYRV"
          }
        ]
      }
    },
    {
      "100": {
        "ind1": "1",
        "ind2": "\\",
        "subfields": [
          {
            "a": "Flexner, Abraham,"
          },
          {
            "d": "1866-1959."
          }
        ]
      }
    },
    {
      "245": {
        "ind1": "1",
        "ind2": "0",
        "subfields": [
          {
            "a": "Daniel Coit Gilman :"
          },
          {
            "b": "creator of the American type of university /"
          },
          {
            "c": "by Abraham Flexner."
          }
        ]
      }
    },
    {
      "250": {
        "ind1": "\\",
        "ind2": "\\",
        "subfields": [
          {
            "a": "First edition."
          }
        ]
      }
    },
    {
      "260": {
        "ind1": "\\",
        "ind2": "\\",
        "subfields": [
          {
            "a": "New York :"
          },
          {
            "b": "Harcourt, Brace and Co.,"
          },
          {
            "c": "[1946]"
          }
        ]
      }
    },
    {
      "300": {
        "ind1": "\\",
        "ind2": "\\",
        "subfields": [
          {
            "a": "ix pages, 2 leaves, 173 pages :"
          },
          {
            "b": "frontispiece, group portraits ;"
          },
          {
            "c": "20 cm"
          }
        ]
      }
    },
    {
      "336": {
        "ind1": "\\",
        "ind2": "\\",
        "subfields": [
          {
            "a": "text"
          },
          {
            "b": "txt"
          },
          {
            "2": "rdacontent"
          }
        ]
      }
    },
    {
      "337": {
        "ind1": "\\",
        "ind2": "\\",
        "subfields": [
          {
            "a": "unmediated"
          },
          {
            "b": "n"
          },
          {
            "2": "rdamedia"
          }
        ]
      }
    },
    {
      "338": {
        "ind1": "\\",
        "ind2": "\\",
        "subfields": [
          {
            "a": "volume"
          },
          {
            "b": "nc"
          },
          {
            "2": "rdacarrier"
          }
        ]
      }
    },
    {
      "504": {
        "ind1": "\\",
        "ind2": "\\",
        "subfields": [
          {
            "a": "Bibliographical references included in \"Acknowledgments\" (p. 165-166)"
          }
        ]
      }
    },
    {
      "530": {
        "ind1": "\\",
        "ind2": "\\",
        "subfields": [
          {
            "a": "Also issued online."
          }
        ]
      }
    },
    {
      "600": {
        "ind1": "1",
        "ind2": "0",
        "subfields": [
          {
            "a": "Gilman, Daniel C."
          },
          {
            "q": "(Daniel Coit),"
          },
          {
            "d": "1831-1908."
          }
        ]
      }
    },
    {
      "650": {
        "ind1": "\\",
        "ind2": "0",
        "subfields": [
          {
            "a": "Universities and colleges."
          }
        ]
      }
    },
    {
      "650": {
        "ind1": "\\",
        "ind2": "2",
        "subfields": [
          {
            "a": "Education"
          },
          {
            "0": "(DNLM)D004493"
          }
        ]
      }
    },
    {
      "650": {
        "ind1": "\\",
        "ind2": "2",
        "subfields": [
          {
            "a": "Universities"
          },
          {
            "0": "(DNLM)D014495"
          }
        ]
      }
    },
    {
      "651": {
        "ind1": "\\",
        "ind2": "2",
        "subfields": [
          {
            "a": "United States"
          },
          {
            "0": "(DNLM)D014481"
          }
        ]
      }
    },
    {
      "600": {
        "ind1": "1",
        "ind2": "7",
        "subfields": [
          {
            "a": "Gilman, Daniel C."
          },
          {
            "q": "(Daniel Coit),"
          },
          {
            "d": "1831-1908."
          },
          {
            "2": "fast"
          },
          {
            "0": "(OCoLC)fst00011260"
          }
        ]
      }
    },
    {
      "776": {
        "ind1": "0",
        "ind2": "8",
        "subfields": [
          {
            "i": "Online version:"
          },
          {
            "a": "Flexner, Abraham, 1866-1959."
          },
          {
            "t": "Daniel Coit Gilman."
          },
          {
            "d": "New York, Harcourt, Brace and Co. [1946]"
          },
          {
            "w": "(OCoLC)592485736"
          }
        ]
      }
    },
    {
      "999": {
        "ind1": "\\",
        "ind2": "\\",
        "subfields": [
          {
            "a": "00000000019785"
          }
        ]
      }
    },
    {
      "999": {
        "ind1": "\\",
        "ind2": "\\",
        "subfields": [
          {
            "a": "00000000019781"
          }
        ]
      }
    },
    {
      "994": {
        "ind1": "\\",
        "ind2": "\\",
        "subfields": [
          {
            "a": "C0"
          },
          {
            "b": "NYRVC"
          }
        ]
      }
    }
  ]
}